%% This BibTeX bibliography file was created using BibDesk.
%% http://bibdesk.sourceforge.net/

%% Created for Jordie Shier  at 2020-06-24 15:07:14 -0600 


%% Saved with string encoding Unicode (UTF-8) 



@inproceedings{donahue2018adversarial,
	Author = {Donahue, Chris and McAuley, Julian and Puckette, Miller},
	Booktitle = {International Conference on Learning Representations},
	Date-Added = {2020-07-10 12:23:39 -0600},
	Date-Modified = {2020-07-10 12:23:39 -0600},
	Title = {Adversarial Audio Synthesis},
	Year = {2018}
}

@article{gao2018deep,
	Author = {Gao, Fei and Yang, Yue and Wang, Jun and Sun, Jinping and Yang, Erfu and Zhou, Huiyu},
	Date-Added = {2020-07-10 12:25:38 -0600},
	Date-Modified = {2020-07-10 12:25:38 -0600},
	Journal = {Remote Sensing},
	Title = {A deep convolutional generative adversarial networks (DCGANs)-based semi-supervised method for object recognition in synthetic aperture radar (SAR) images},
	Year = {2018}
}

@article{arjovsky2017wasserstein,
  title={Wasserstein gan},
  author={Arjovsky, Martin and Chintala, Soumith and Bottou, L{\'e}on},
	Date-Added = {2020-07-10 12:31:10 -0600},
	Date-Modified = {2020-07-10 12:31:10 -0600},
  journal={arXiv preprint arXiv:1701.07875},
  year={2018}
}

@inproceedings{gulrajani2017improved,
  title={Improved training of wasserstein gans},
  author={Gulrajani, Ishaan and Ahmed, Faruk and Arjovsky, Martin and Dumoulin, Vincent and Courville, Aaron C},
  booktitle={Advances in neural information processing systems},
  pages={5767--5777},
  year={2017}
}

@inproceedings{engel2018gansynth,
Author = {Engel, Jesse and Agrawal, Kumar Krishna and Chen, Shuo and Gulrajani, Ishaan and Donahue, Chris and Roberts, Adam},
Booktitle = {International Conference on Learning Representations},
Date-Added = {2020-06-24 11:13:01 -0600},
Date-Modified = {2020-06-24 11:13:01 -0600},
Title = {GANSynth: Adversarial Neural Audio Synthesis},
Year = {2018}}

@webpage{pasini2019syngan,
	Author = {Marco Pasini},
	Date-Added = {2020-06-24 12:28:03 -0600},
	Date-Modified = {2020-06-24 12:32:53 -0600},
	Title = {Synthesizing Audio with Generative Adversarial Networks},
	Url = {https://towardsdatascience.com/synthesizing-audio-with-generative-adversarial-networks-8e0308184edd},
	Year = {2019}}

@article{lecun2015deep,
	Author = {LeCun, Yann and Bengio, Yoshua and Hinton, Geoffrey},
	Date-Added = {2020-06-24 12:37:58 -0600},
	Date-Modified = {2020-06-24 12:37:58 -0600},
	Journal = {nature},
	Number = {7553},
	Pages = {436--444},
	Publisher = {Nature Publishing Group},
	Title = {Deep learning},
	Volume = {521},
	Year = {2015}}

@misc{brownlee2019ganlatent,
	Author = {Jason Brownlee},
	Date-Added = {2020-06-24 12:41:02 -0600},
	Date-Modified = {2020-06-24 12:41:59 -0600},
	Title = {How to Explore the GAN Latent Space When Generating Faces},
	Url = {https://machinelearningmastery.com/how-to-interpolate-and-perform-vector-arithmetic-with-faces-using-a-generative-adversarial-network/},
	Year = {2019}}

@inproceedings{goodfellow2014generative,
	Author = {Goodfellow, Ian and Pouget-Abadie, Jean and Mirza, Mehdi and Xu, Bing and Warde-Farley, David and Ozair, Sherjil and Courville, Aaron and Bengio, Yoshua},
	Booktitle = {Advances in neural information processing systems},
	Date-Added = {2020-06-24 11:20:07 -0600},
	Date-Modified = {2020-06-24 11:20:07 -0600},
	Pages = {2672--2680},
	Title = {Generative adversarial nets},
	Year = {2014}}

@article{goodfellow2016nips,
	Author = {Goodfellow, Ian},
	Date-Added = {2020-06-24 12:55:00 -0600},
	Date-Modified = {2020-06-24 12:55:00 -0600},
	Journal = {arXiv preprint arXiv:1701.00160},
	Title = {NIPS 2016 tutorial: Generative adversarial networks},
	Year = {2016}}
	

@inproceedings{salimans2016improved,
  title={Improved techniques for training gans},
  author={Salimans, Tim and Goodfellow, Ian and Zaremba, Wojciech and Cheung, Vicki and Radford, Alec and Chen, Xi},
  booktitle={Advances in neural information processing systems},
  pages={2234--2242},
  year={2016}
}

@inproceedings{mcfee2015librosa,
  title={librosa: Audio and music signal analysis in python},
  author={McFee, Brian and Raffel, Colin and Liang, Dawen and Ellis, Daniel PW and McVicar, Matt and Battenberg, Eric and Nieto, Oriol},
  booktitle={Proceedings of the 14th python in science conference},
  volume={8},
  pages={18--25},
  year={2015}
}
